# Creating a .bib file with the references in IEEE format
bib_content = """
@inproceedings{ronneberger2015unet,
  title={U-Net: Convolutional Networks for Biomedical Image Segmentation},
  author={Ronneberger, Olaf and Fischer, Philipp and Brox, Thomas},
  booktitle={Medical Image Computing and Computer-Assisted Intervention (MICCAI)},
  year={2015}
}

@inproceedings{milletari2016vnet,
  title={V-Net: Fully Convolutional Neural Networks for Volumetric Medical Image Segmentation},
  author={Milletari, Fausto and Navab, Nassir and Ahmadi, Seyed-Ahmad},
  booktitle={International Conference on 3D Vision (3DV)},
  year={2016}
}

@article{chen2021transunet,
  title={TransUNet: Transformers Make Strong Encoders for Medical Image Segmentation},
  author={Chen, Jing and others},
  journal={arXiv preprint arXiv:2102.04306},
  year={2021}
}

@article{cao2021swinunet,
  title={Swin-Unet: Unet-like Pure Transformer for Medical Image Segmentation},
  author={Cao, X. and others},
  journal={arXiv preprint arXiv:2105.05537},
  year={2021}
}

@inproceedings{xie2021segformer,
  title={SegFormer: Simple and Efficient Design for Semantic Segmentation with Transformers},
  author={Xie, Enze and others},
  booktitle={Advances in Neural Information Processing Systems (NeurIPS)},
  year={2021}
}

